@Misc{bib:1,
  howpublished = {Режим доступа: {URL: https://www.kernel.org (дата обращения: 10.11.2022)}},
  title        = {Документация к коду ядра Linux [Электронный ресурс]},
}
@Misc{bib:2,
  howpublished = {Режим доступа: {URL: https://manpages.ubuntu.com (дата обращения: 18.11.2022)}},
  title        = {Документация к Ubuntu [Электронный ресурс]},
}
@Misc{bib:3,
  howpublished = {Режим доступа: {URL: https://elixir.bootlin.com (дата обращения: 20.11.2022)}},
  title        = {Исходный код ядра Linux [Электронный ресурс]},
}
@Misc{bib:4,
  howpublished = {Режим доступа: {URL: http://www.open-std.org/jtc1/sc22/wg14/www/docs/n1124.pdf (дата обращения: 20.11.2022)}},
  title        = {Спецификация языка C [Электронный ресурс]},
}
@Misc{bib:5,
  howpublished = {Режим доступа: {URL: https://www.programmersought.com (дата обращения: 30.11.2022)}},
  title        = {Электронный сборник технических статей [Электронный ресурс]},
}
@book{bib:6,
  title={UNIX Network Programming},
  author={Stevens, W.R.},
  series={UNIX Network Programming},
  year={1998},
  publisher={Prentice Hall PTR}
}
